@book{ClickomaniaNPProof,	
	author = {T. C. Biedl, E. D. Demaine, M. L. Demaine, R. Fleischer, L. Jacobsen,
	I. Munro},
	title = {More Games of No Chance, Proc. MSRI Workshop on Combinatorial
	Games,},
	year = {2002},
	editor = {R. J. Nowakowski},
	maintitle = {The Complexity of Clickomania},
	publisher = {MSRI Publ., Berkeley, CA, Cambridge
	University Press},
	location = {Cambridge},
	pages = {389â€“404},
}

@article{SCHADD20123,
	title = {Single-player Monte-Carlo tree search for SameGame},
	journal = {Knowledge-Based Systems},
	volume = {34},
	pages = {3-11},
	year = {2012},
	note = {A Special Issue on Artificial Intelligence in Computer Games: AICG},
	issn = {0950-7051},
	doi = {https://doi.org/10.1016/j.knosys.2011.08.008},
	url = {https://www.sciencedirect.com/science/article/pii/S0950705111001869},
	author = {Maarten P.D. Schadd and Mark H.M. Winands and Mandy J.W. Tak and Jos W.H.M. Uiterwijk}
}

@article{hart1968formal,
	title={A formal basis for the heuristic determination of minimum cost paths},
	author={Hart, Peter E and Nilsson, Nils J and Raphael, Bertram},
	journal={IEEE transactions on Systems Science and Cybernetics},
	volume={4},
	number={2},
	pages={100--107},
	year={1968},
	publisher={IEEE}
}

@article{korf1985depth,
	title={Depth-first iterative-deepening: An optimal admissible tree search},
	author={Korf, Richard E},
	journal={Artificial intelligence},
	volume={27},
	number={1},
	pages={97--109},
	year={1985},
	publisher={Elsevier}
}

@article{ChainShot1985,
	author = {K. Moribe},
	title = {Chain Shot! Gekkan ASCII},	
	date = {1985},
	issue = {November issue},
}


@book{junghanns2000pushing,
	title={Pushing the limits: new developments in single-agent search.},
	author={Junghanns, Andreas},
	year={2000},
	publisher={University of Alberta}
}

@article{schadd2012single,
	title={Single-player Monte-Carlo tree search for SameGame},
	author={Schadd, Maarten PD and Winands, Mark HM and Tak, Mandy JW and Uiterwijk, Jos WHM},
	journal={Knowledge-Based Systems},
	volume={34},
	pages={3--11},
	year={2012},
	publisher={Elsevier}
}

@inproceedings{felner2005dual,
	title={Dual lookups in pattern databases},
	author={Felner, Ariel and Zahavi, Uzi and Schaeffer, Jonathan and Holte, Robert C},
	booktitle={IJCAI},
	pages={103--108},
	year={2005}
}

@article{culberson1998pattern,
	title={Pattern databases},
	author={Culberson, Joseph C and Schaeffer, Jonathan},
	journal={Computational Intelligence},
	volume={14},
	number={3},
	pages={318--334},
	year={1998},
	publisher={Wiley Online Library}
}

@inproceedings{vempaty1991depth,
	title={Depth-First Versus Best-First Search.},
	author={Vempaty, Nageshwara Rao and Kumar, Vipin and Korf, Richard E},
	booktitle={AAAI},
	pages={434--440},
	year={1991}
}

@book{allis1994searching,
	title={Searching for solutions in games and artificial intelligence},
	author={Allis, Louis Victor and others},
	year={1994},
	publisher={Ponsen \& Looijen Wageningen}
}
